<?xml version="1.0" encoding="UTF-8"?><record xmlns="http://www.loc.gov/MARC21/slim" xmlns:cinclude="http://apache.org/cocoon/include/1.0" xmlns:zs="http://www.loc.gov/zing/srw/">
  <leader>00662cz  a2200193n  4500</leader>
  <controlfield tag="001">n  89102075 </controlfield>
  <controlfield tag="003">DLC</controlfield>
  <controlfield tag="005">20000708065354.0</controlfield>
  <controlfield tag="008">900518n| acannaabn          |a aaa      </controlfield>
  <datafield tag="010" ind1=" " ind2=" ">
    <subfield code="a">n  89102075 </subfield>
  </datafield>
  <datafield tag="035" ind1=" " ind2=" ">
    <subfield code="a">(OCoLC)oca02745015</subfield>
  </datafield>
  <datafield tag="040" ind1=" " ind2=" ">
    <subfield code="a">DLC</subfield>
    <subfield code="b">eng</subfield>
    <subfield code="c">DLC</subfield>
    <subfield code="d">DLC</subfield>
    <subfield code="d">OCoLC</subfield>
  </datafield>
  <datafield tag="100" ind1="1" ind2=" ">
    <subfield code="a">Rahman, Nurun Nahar</subfield>
  </datafield>
  <datafield tag="400" ind1="0" ind2=" ">
    <subfield code="a">Nurun Nahar Rahman</subfield>
  </datafield>
  <datafield tag="400" ind1="1" ind2=" ">
    <subfield code="a">Nahar Rahman, Nurun</subfield>
  </datafield>
  <datafield tag="400" ind1="0" ind2=" ">
    <subfield code="a">Nuruna Nāhāra Rahamāna</subfield>
  </datafield>
  <datafield tag="400" ind1="1" ind2=" ">
    <subfield code="a">Rahamāna, Nuruna Nāhāra</subfield>
  </datafield>
  <datafield tag="670" ind1=" " ind2=" ">
    <subfield code="a">Bangladesh public library directory, 1972-1986, 1987:</subfield>
    <subfield code="b">t.p. (Dr. Nurun Nahar Rahman)</subfield>
  </datafield>
  <datafield tag="670" ind1=" " ind2=" ">
    <subfield code="a">Prakāśakadera ḍāirekṭarī, 1971-1985, 1986:</subfield>
    <subfield code="b">t.p. (Nuruna Nāhāra Rahamāna)</subfield>
  </datafield>
</record>